@article{yevenes2021adaptive,
  title={Adaptive Differences in Gene Expression in Farm-Impacted Seedbeds of the Native Blue Mussel *Mytilus chilensis*},
  author={Yévenes, M and Núñez-Acuña, G and Gallardo-Escárate, C and Gajardo, G},
  journal={Frontiers in Genetics},
  volume={12},
  pages={666539},
  year={2021},
  doi={10.3389/fgene.2021.666539}
}

@article{yevenes2022adaptive,
  title={Adaptive mitochondrial genome functioning in ecologically different farm-impacted natural seedbeds of the endemic blue mussel *Mytilus chilensis*},
  author={Yévenes, M and Núñez-Acuña, G and Gallardo-Escárate, C and Gajardo, G},
  journal={Comparative Biochemistry and Physiology Part D: Genomics and Proteomics},
  volume={42},
  pages={100955},
  year={2022},
  doi={10.1016/j.cbd.2021.100955}
}

@article{yevenes2025decoding,
  title={Decoding Local Adaptation in the Exploited Native Marine Mussel *Mytilus chilensis*: Genomic Evidence from a Reciprocal Transplant Experiment},
  author={Yévenes, M and Gajardo, G and Gallardo-Escárate, C},
  journal={International Journal of Molecular Sciences},
  volume={26},
  number={3},
  pages={931},
  year={2025},
  doi={10.3390/ijms26030931}
}

@article{yevenes2023epigenetic,
  title={Epigenetic variation mediated by lncRNAs accounts for adaptive genomic differentiation of the endemic blue mussel *Mytilus chilensis*},
  author={Yévenes, M and Gallardo-Escárate, C and Gajardo, G},
  journal={Heliyon},
  volume={10},
  number={1},
  pages={e23695},
  year={2023},
  doi={10.1016/j.heliyon.2023.e23695}
}

@article{montufar2024hypoxia,
  title={Hypoxia in the Blue Mussel *Mytilus chilensis* Induces a Transcriptome Shift Associated with Endoplasmic Reticulum Stress, Metabolism, and Immune Response},
  author={Montúfar-Romero, M and Valenzuela-Muñoz, V and Valenzuela-Miranda, D and Gallardo-Escárate, C},
  journal={Genes},
  volume={15},
  number={6},
  pages={658},
  year={2024},
  doi={10.3390/genes15060658}
}

@article{castillo2017ocean,
  title={Ocean acidification and pathogen exposure modulate the immune response of the edible mussel *Mytilus chilensis*},
  author={Castillo, N and Saavedra, L M and Vargas, C A and Gallardo-Escárate, C and Détrée, C},
  journal={Fish & Shellfish Immunology},
  volume={70},
  pages={149--155},
  year={2017},
  doi={10.1016/j.fsi.2017.08.047}
}

@article{montufar2025microbiota,
  title={Microbiota Dysbiosis in *Mytilus chilensis* Is Induced by Hypoxia, Leading to Molecular and Functional Consequences},
  author={Montúfar-Romero, M and Valenzuela-Miranda, D and Valenzuela-Muñoz, V and Morales-Rivera, M F and Gallardo-Escárate, C},
  journal={Microorganisms},
  volume={13},
  number={4},
  pages={825},
  year={2025},
  doi={10.3390/microorganisms13040825}
}
